<?xml version="1.0" encoding="UTF-8"?><collection xmlns="http://www.loc.gov/MARC21/slim"><record><leader>00748nam--2200193-i-4500</leader><controlfield tag="001">000037411</controlfield><controlfield tag="002">20161230</controlfield><controlfield tag="005">20161230201041</controlfield><controlfield tag="008">060222s1000------------r-----000-0-eng-d</controlfield><datafield ind1=" " ind2=" " tag="040"><subfield code="a">IFIN-HH</subfield></datafield><datafield ind1=" " ind2=" " tag="080"><subfield code="a">536.24</subfield></datafield><datafield ind1="1" ind2=" " tag="100"><subfield code="a">Schowalter, W.R</subfield></datafield><datafield ind1="1" ind2="0" tag="245"><subfield code="a">Progress in heat and mass transfer</subfield><subfield code="b">Vol. 5 selected papers of the 1970 international seminar heat and mass transfer in rheologically complex fluids, herceg novi, yugoslavia, 8-12 september</subfield><subfield code="c">W.r. schowalter; w.j. minkowycz; a.v. luikov; n.h. afgan (eds.)</subfield></datafield><datafield ind1=" " ind2=" " tag="260"><subfield code="a">Oxford</subfield><subfield code="b">Pergamon Press</subfield><subfield code="c">1972</subfield></datafield><datafield ind1=" " ind2=" " tag="300"><subfield code="a">349P</subfield></datafield><datafield ind1=" " ind2=" " tag="490"><subfield code="a">Monograph Series Of The International Journal Of Heat And Mass Transfer</subfield></datafield><datafield ind1="1" ind2=" " tag="700"><subfield code="a">Afgan, N.H</subfield><subfield code="e">Ed</subfield></datafield><datafield ind1=" " ind2=" " tag="852"><subfield code="a">31314</subfield><subfield code="c">536</subfield></datafield><datafield ind1=" " ind2=" " tag="CAT"><subfield code="a">Sys</subfield><subfield code="c">20110506</subfield><subfield code="h">134307</subfield></datafield></record></collection>